@inproceedings{lee2017name,
  title={Name Nationality Classification with Recurrent Neural Networks.},
  author={Lee, Jinhyuk and Kim, Hyunjae and Ko, Miyoung and Choi, Donghee and Choi, Jaehoon and Kang, Jaewoo},
  booktitle={IJCAI},
  pages={2081--2087},
  year={2017}
}
